@string{NUMMATH = "Numerische Mathematik"}
@string{SIMAX   = "SIAM J. Matrix Analysis and Applications"}
@string{TOMS    = "ACM Trans. Math. Softw."}

@techreport{PARKER.95,
   author    = {D.~S. Parker},
   title     = {Random Butterfly Transformations with Applications in
Computational Linear Algebra},
   INSTITUTION = {{C}omputer {S}cience {D}epartment, {UCLA}},
   year      = {1995},
   TYPE = {Technical {R}eport},
   NUMBER = {CSD-950023}
}
@techreport{PAR.PIE.95,
   author    = {D.~S. Parker and B. Pierce},
   title     = {The randomizing {FFT}: an aternative to pivoting in {G}aussian elimination},
   INSTITUTION = {{C}omputer {S}cience {D}epartment, {UCLA}},
   year      = {1995},
   TYPE = {Technical {R}eport},
   NUMBER = {CSD-950037}
}

@techreport{ICL.MC.07,
   author    = {A. Buttari and J. Langou and J. Kurzak and J. Dongarra},
   title     = {A class of Parallel Tiled Linear Algebra Algorithms for 
Multicore Architectures},
   INSTITUTION = {{U}niversity of {T}ennessee},
   year      = {2007},
   TYPE = {Technical {R}eport},
   NUMBER = {UT-CS-07-600},
   note      = {LAPACK Working Note 191}
}

@techreport{LAURA,
   author    = {L. Grigori and J.~W. Demmel and H. Xiang},
   title     = {Communication avoiding {G}aussian elimination},
   INSTITUTION = {{INRIA}},
   year      = {2008},
   TYPE = {Technical {R}eport},
   NUMBER = {6523}
}

@techreport{FLAME.08,
   author    = {G. Quintana-Ort\'{\i} and E.~S. Quintana-Ort\'{\i} and E. Chan and 
F.~G. Van Zee and R. van de Geijn},
   title     = {Programming Algorithms-by-Blocks for Matrix Computations on Multithreaded Architectures},
   INSTITUTION = {{U}niversity of {T}exas at {A}ustin},
   year      = {2008},
   TYPE = {Technical {R}eport},
   NUMBER = {TR-08-04},
   note      = {FLAME Working Note 29}
}

@techreport{orti-report,
   author    = {S. Barrachina and M. Castillo and F.D. Igual and R. Mayo
                and E.S. Quintana-Ort\'{\i}},
   title     = {Solving dense linear systems on graphics processors},
   INSTITUTION = {Universidad Jaime I},
   year        = {February, 2008},
   TYPE = {Technical {R}eport},
   NUMBER = {ICC 02-02-2008}
}

@TechReport{lawn200,
 URL	       = "http://www.netlib.org/lapack/lawnspdf/lawn200.pdf",
 institution  = "LAPACK Working Note 200",
 author       = "M. Baboulin and J. Dongarra and S. Tomov",
 title	       = "Some Issues in Dense Linear Algebra for Multicore
                 and Special Purpose Architectures",
 month	       = may,
 year	       = 2008,
 utknumber    = "UT-CS-08-615",
}


@article{GUS.04,
   author    = {F.~G. Gustavson},
   title     = {New generalized data structures for matrices lead to a variety 
of high performance dense linear algebra algorithms},
   year      = {June 20-23, 2004},
   note      = {In Proceedings of PARA 2004, Workshop on state-of-the art 
in scientific computing},
   pages     = {11--20}
}

@article{VDG.05,
   author    = {T. Joffrain and E.~S. Quintana-Ort\'{\i} and R. van de Geijn},
   title     = {Rapid development of high-performance out-of-core solvers.},
   year      = {June 20-23, 2004},
   note      = {In Proceedings of PARA 2004, Workshop on state-of-the art 
in scientific computing},
   pages     = {413--422}
}

@article{CHAN.97,
   author    = {M. Yeung and T.~F. Chan},
   title     = {Probabilistic Analysis of {G}aussian Elimination without Pivoting},
   journal   = SIMAX,
   volume    = {18},
   number = {2},
   pages     = {499--517},
   YEAR = {1997}
}

@article{TRE.SCH.90,
   author    = {L.~N. Trefethen and R.~S. Schreiber},
   title     = {Average-case stability of {G}aussian elimination},
   journal   = SIMAX,
   volume    = {11},
   number = {3},
   pages     = {335--360},
   YEAR = {1990}
}

@article{ADD.89,
   author    = {M. Arioli and J.~W. Demmel and I.~S. Duff},
   title     = {Solving sparse linear systems with sparse backward error},
   journal   = SIMAX,
   volume    = {10},
   number = {2},
   pages     = {165--190},
   YEAR = {1989}
}


@article{OET.PRA.80,
   author    = {W. Oettli and W. Prager},
   title     = {Compatibility of approximate solution of linear equations 
with given error bounds for coefficients and right-hand sides},
   journal   = NUMMATH,
   volume    = {6},
   pages     = {405--409},
   YEAR = {1964}
}

@article{SKEEL.80,
   author    = {R.~D. Skeel},
   title     = {Iterative refinement implies numerical stability for {G}aussian elimination},
   journal   = {Math. Comput.},
   volume    = {35},
   pages     = {817--832},
   YEAR = {1980}
}

@book{HIGHAM,
  author    = {N.~J. Higham}, 
  title     = {Accuracy and Stability of Numerical Algorithms}, 
 publisher  = {SIAM},
 year       = {2002},
  note      = {Second edition}
}

@book{SCALAPACK,
  author    = {L. Blackford and J. Choi and A. Cleary and E. D'Azevedo and J. Demmel and I. Dhillon and J. Dongarra and S. Hammarling and G. Henry and A. Petitet and K. Stanley and D. Walker and R. Whaley}, 
  title     = {{ScaLAPACK} User's Guide}, 
 publisher  = {SIAM},
 year       = {1997},
  pages     = {58--60}
}

@book{LAPACK,
  author    = {E. Anderson and Z. Bai and C. Bischof and S. Blackford and J. Demmel 
 and J. Dongarra and J. Du Croz and A. Greenbaum and S. Hammarling and A. McKenney and D. Sorensen},
 title     = {{LAPACK} User's Guide},
 publisher  = {SIAM},
 year       = {1999},
 note      = {Third edition}
}

@techreport{volkov-poster,   
   author    = {V. Volkov and J.~W. Demmel},
   title     = {Using {GPU}s to Accelerate Linear Algebra Routines},
   year      = {January 9, 2008},
   TYPE = {Poster at {PAR} Lab Winter Retreat},
   note      = {http://www.eecs.berkeley.edu/~volkov/volkov08-parlab.pdf}
}

@techreport{posterSC,   
   author    = {M. Baboulin and J. Demmel and J. Dongarra and S. Tomov
                and V. Volkov},
   title     = {Enhancing the performance of dense linear algebra solvers 
                on {GPU}s [in the {MAGMA} project]},
   year      = {November 18, 2009},
   TYPE      = {Poster at Supercomputing 08},
}
 
@TechReport{lawn218,
 URL	      = {http://www.netlib.org/lapack/lawnspdf/lawn218.pdf},
 institution  = {LAPACK Working Note 218},
 author       = {G. Ballard and J. Demmel and O. Holtz and O. Schwartz},
 title	      = {Minimizing Communication in Linear Algebra},
 month	      = {May},
 year	      = {2009}
}

@book{FOSC06,
  editor = {S. Graham and M. Snir and C. Patterson},
  keywords = {bibtex-import},
  posted-at = {2008-01-04 17:50:26},
  priority = {2},
  publisher = {The National Academies Press},
  title = {Getting Up to Speed, The Future of Supercomputing},
  year = {2006}
}

@article{KD07,
 author = {J. Kurzak and J. Dongarra},
 title = {Implementation of mixed precision in solving systems of linear equations on the Cell processor: Research Articles},
 journal = {Concurr. Comput. : Pract. Exper.},
 volume = {19},
 number = {10},
 year = {2007},
 issn = {1532-0626},
 pages = {1371--1385},
 doi = {http://dx.doi.org/10.1002/cpe.v19:10},
 publisher = {John Wiley and Sons Ltd.},
 address = {Chichester, UK, UK},
 }

@article{GUN.VDG.05,
  author =       {B. Gunter and R. van de Geijn},
  title =        {Parallel Out-of-Core Computation and Updating of the {QR}
Factorization},
  journal =      TOMS,
  year = {2005},
  volume    = {31},
  number = {1},
  pages     = {60--78}
}

@article{orti08,
 author = {E. Quintana-Ort\'{\i} and R. van de Geijn},
 title = {Updating an {LU} Factorization with Pivoting},
 journal = {ACM Trans. Math. Softw.},
 volume = {35},
 number = {2},
 year = {2008},
 issn = {0098-3500},
 pages = {1--16},
 doi = {http://doi.acm.org/10.1145/1377612.1377615},
 publisher = {ACM},
 address = {New York, NY, USA},
 }


@techreport{PBLAS,
   author    = {J. Choi and J. Dongarra and L. Ostrouchov and A. Petitet and
D. Walker and R. Whaley},
   title     = {A Proposal for a Set of Parallel Basic Linear Algebra
Subprograms},
   year      = {1995},
   note      = {LAPACK Working Note 100}
}

@inproceedings{multiGPU,
 author = {G. Quintana-Ort\'{\i} and F.Igual and E.Quintana-Ort\'{\i} and R. van de Geijn},
 title = {Solving dense linear systems on platforms with multiple hardware accelerators},
 booktitle = {PPoPP '09: Proceedings of the 14th ACM SIGPLAN symposium on Principles and practice of parallel programming},
 year = {2009},
 isbn = {978-1-60558-397-6},
 pages = {121--130},
 location = {Raleigh, NC, USA},
 doi = {http://doi.acm.org/10.1145/1504176.1504196},
 publisher = {ACM},
 address = {New York, NY, USA},
 }


@TechReport{lawn210,
 URL	       = "http://www.netlib.org/lapack/lawnspdf/lawn210.pdf",
 institution  = "LAPACK Working Note 210",
 author       = "S. Tomov and J. Dongarra and M. Baboulin",
 title	       = "Towards Dense Linear Algebra for Hybrid 
                  {GPU} Accelerated Manycore Systems.",
 month	       = oct,
 year	       = 2008,
 utknumber    = "UT-CS-08-632",
}


@techreport{BCI08,
   author    = {S. Barrachina and M. Castillo and F. D. Igual and R. Mayo and Enrique S. Quintana-Ort\'{\i}},
   title     = {Solving Dense Linear Systems on Graphics Processors},
   year      = {February 2008},
   note      = {Universidad Jaime I, ICC 02-02-2008}
}

@techreport{KL89,
   author    = {B. K\"argstr\"om and C. Van Loan},
   title     = {GEMM-Based Level-3 BLAS},
   year      = {December 1989},
   note      = {Report CTC91TR47, Department of Computer Science, 
               Cornell University}
}

@book{DUFF,
 author    = {J. Dongarra and I. Duff and D. Sorensen and H. van der Vorst},
 title     = {Numerical Linear Algebra for High-Performance Computers},
 publisher  = {SIAM},
 year       = {1998},
}

@manual{GPUManual,
 title    = {{N}{V}{I}{D}{I}{A} {C}{U}{D}{A} {P}rogramming {G}uide},
 year     = {6/07/2008},
 organization = {NVIDIA},
 note     = {Version 2.0}
}

%%%%%%%%%%%%%%%%%%%%%%%%%%%%%%%%%%%%%%%%%%%%%%%%%%%%%%%%%%%%%%%%%%%%%%%%%%%%%%%%

@Article{Fattebert-Bernholc-2000,
  title = {Towards grid-based $O(N)$ density-functional theory methods: Optimized nonorthogonal orbitals and multigrid acceleration},
  author = {Fattebert, J.-L.  and Bernholc, J. },
  journal = {Phys. Rev. B},
  volume = {62},
  number = {3},
  pages = {1713--1722},
  numpages = {9},
  year = {2000},
  month = {Jul},
  doi = {10.1103/PhysRevB.62.1713},
  publisher = {American Physical Society}
}

@INPROCEEDINGS{impact,
    author = {A. Buttari and J. Dongarra and J. Kurzak and J. Langou and S. Tomov},
    title = {The impact of multicore on math software},
    booktitle = {In PARA 2006, Umea Sweden},
    year = {2006}
}

@article{Hodak-Wang-2007,
author = {Miroslav Hodak and Shuchun Wang and Wenchang Lu and J. Bernholc},
collaboration = {},
title = {Implementation of ultrasoft pseudopotentials in large-scale grid-based electronic structure calculations},
publisher = {APS},
year = {2007},
journal = {Physical Review B (Condensed Matter and Materials Physics)},
volume = {76},
number = {8},
eid = {085108},
numpages = {8},
pages = {085108},
keywords = {pseudopotential methods; band structure; water; transition metals},
url = {http://link.aps.org/abstract/PRB/v76/e085108},
doi = {10.1103/PhysRevB.76.085108}
}

@article{TAU,
 author = {S. Shende and A. Malony},
 title = {The {TAU} Parallel Performance System},
 journal = {Int. J. High Perform. Comput. Appl.},
 volume = {20},
 number = {2},
 year = {2006},
 issn = {1094-3420},
 pages = {287--311},
 doi = {http://dx.doi.org/10.1177/1094342006064482},
 publisher = {Sage Publications, Inc.},
 address = {Thousand Oaks, CA, USA},
 }

@article{PAPI,
  title = {{PAPI}: A Portable Interface to Hardware Performance Counters},
  author = {S. Browne and C. Deane and G. Ho and P. Mucci},
  year = {June 1999},
  publisher = {Proceedings of DoD HPCMP Users Group Conference}
}

@article{CAQR,
  author    = {J. Demmel and
               L. Grigori and
               M. Hoemmen and
               J. Langou},
  title     = {Communication-avoiding parallel and sequential {QR} factorizations},
  journal   = {CoRR},
  volume    = {abs/0806.2159},
  year      = {2008},
  ee        = {http://arxiv.org/abs/0806.2159},
  bibsource = {DBLP, http://dblp.uni-trier.de}
}

@Article{jumpshot,
  author     = {O. Zaki and E. Lusk and W. Gropp and D. Swider},
  title      = {Toward Scalable Performance Visualization with {Jumpshot}},
  journal    = {HPC Applications},
  year       = 1999,
  volume     = 13,
  number     = 2, 
  month      = {Fall},
  pages      = {277--288}
}

@InProceedings{kojak_16,
  author = 	 {F.~Wolf and B.~Mohr},
  title = 	 {KOJAK - A Tool Set for Automatic Performance Analysis of Parallel Applications},
  booktitle =    {Proc. of Euro-Par},
  pages = 	 {1301-1304},
  year = 	 {2003},
  series = 	 {Lecture Notes in CS},
  volume = 	 {2790},
  publisher =    {Springer},
  address = 	 {Klagenfurt, Austria},
  month = 	 {August}
}

@book{lawn212,
  author = {Yinan Li and Jack Dongarra and Stanimire Tomov},
  booktitle = {ICCS (1)},
  editor = {Gabrielle Allen and Jaroslaw Nabrzyski and Edward Seidel and G. Dick van Albada and Jack Dongarra and Peter M. A. Sloot},
  pages = {884-892},
  publisher = {Springer},
  series = {Lecture Notes in Computer Science},
  title = {A Note on Auto-tuning {GEMM} for {GPU}s.},
  volume = {5544},
  year = {2009},
  ee = {http://dx.doi.org/10.1007/978-3-642-01970-8_89},
  isbn = {978-3-642-01969-2},
  date = {2009-05-22}
}

@TechReport{lawn219,
 URL	      = "http://www.netlib.org/lapack/lawnspdf/lawn219.pdf",
 number       = 219,
 institution  = "LAPACK Working Note",
 author       = "Stanimire Tomov and Jack Dongarra",
 title	      = "Accelerating the reduction to upper {H}essenberg form 
                 through hybrid {GPU}-based computing.",
 month	      = may,
 year	      = 2009,
 utknumber    = "UT-CS-09-642",
}


@inproceedings{fatahalian,
 author = {K. Fatahalian and J. Sugerman and P. Hanrahan},
 title = {Understanding the efficiency of {G}{P}{U} algorithms for 
          matrix-matrix multiplication},
 booktitle = {HWWS '04: Proceedings of the ACM SIGGRAPH/EUROGRAPHICS conference on Graphics hardware},
 year = {2004},
 isbn = {3-905673-15-0},
 pages = {133--137},
 location = {Grenoble, France},
 doi = {http://doi.acm.org/10.1145/1058129.1058148},
 publisher = {ACM},
 address = {New York, NY, USA},
 }

@inproceedings{galoppo,
 author = {N. Galoppo and N. Govindaraju and M. Henson and D. Manocha},
 title = {L{U}-{G}{P}{U}: 
  {E}fficient Algorithms for Solving Dense Linear Systems on Graphics Hardware},
 booktitle = {SC '05: Proceedings of the 2005 ACM/IEEE conference on Supercomputing},
 year = {2005},
 isbn = {1-59593-061-2},
 pages = {3},
 doi = {http://dx.doi.org/10.1109/SC.2005.42},
 publisher = {IEEE Computer Society},
 address = {Washington, DC, USA},
 }

@inproceedings{VolkovSC,
 author = {V. Volkov and J. Demmel},
 title = {Benchmarking {GPU}s to tune dense linear algebra},
 booktitle = {SC '08: Proceedings of the 2008 ACM/IEEE conference on Supercomputing},
 year = {2008},
 isbn = {978-1-4244-2835-9},
 pages = {1--11},
 location = {Austin, Texas},
 doi = {http://doi.acm.org/10.1145/1413370.1413402},
 publisher = {IEEE Press},
 address = {Piscataway, NJ, USA},
}
 
@article{ugc08,
	author = {J. Dongarra and S. Moore and G. Peterson and S. Tomov and J. Allred and V. Natoli and D. Richie},
	journal = {Proc. of HPCMP UGC08},
	title = {Exploring new architectures in accelerating {C}{F}{D} for 
                 {A}ir {F}orce Applications},
	note = {http://www.cs.utk.edu/\~{}tomov/ugc2008\_final.pdf},
	year = {July 14-17, 2008}
}

@ARTICLE{Garner00aportable,
    author = {S. Browne and J. Dongarra and N. Garner and G. Ho and P. Mucci},
    title = {A Portable Programming Interface for Performance Evaluation on 
              Modern Processors},
    journal = {The International Journal of High Performance 
               Computing Applications},
    year = {2000},
    volume = {14},
    pages = {189--204}
}

@inproceedings{paraprof,
  author    = {R. Bell and
               A. Malony and
               S. Shende},
  title     = {Para{P}rof: A Portable, Extensible, and Scalable Tool for
               Parallel Performance Profile Analysis},
  booktitle = {Euro-Par},
  year      = {2003},
  pages     = {17-26},
  ee        = {http://springerlink.metapress.com/openurl.asp?genre=article{\&}issn=0302-9743{\&}volume=2790{\&}spage=17},
  crossref  = {DBLP:conf/europar/2003},
  bibsource = {DBLP, http://dblp.uni-trier.de}
}

@article{CompGraph,
    author = {NVIDIA},
    title = {Nvidia {T}esla Doubles the Performance for {C}{U}{D}{A} 
             Developers},
    journal = {Computer Graphics World},
    year = {06/30/2008}
}


@MISC{lunch,
   key = {web},
   author = {W. Gruener},
   TITLE = {Larrabee, {C}{U}{D}{A} and the quest for the free lunch},
   howpublished = {http://www.tgdaily.com/content/view/38750/113/},
   note={TGDaily},
   year={08/2008}
}

@article{GPGPU-Survey,
	title	=	"A Survey of General-Purpose Computation on Graphics Hardware",
	journal	=	"Computer Graphics Forum",
	author	=	"J. Owens AND D. Luebke AND N. Govindaraju AND M. Harris AND J. Krüger AND A. Lefohn AND T. Purcell ",
	year	=	"2007",
	keywords	=	"GPGPU survey",
	url	=	"http://www.blackwell-synergy.com/doi/pdf/10.1111/j.1467-8659.2007.01012.x",
	pages	=	"80--113",
	volume	=	"26",
	number	=	"1",
} 

@MISC{cudazone,
   key = {web},
   TITLE = {{NVIDIA CUDA ZONE}},
    howpublished = {http://www.nvidia.com/object/cuda\_home.html}
}



@MISC{gpgpu,
   key = {web},
   TITLE = {General-Purpose Computation Using Graphics Hardware},
    howpublished = {http://www.gpgpu.org},
}

@Book{golub,
  author =       "G. H. Golub and C. F. Van Loan",
  year =         "1989",
  title =        "Matrix Computations",
  edition =      "second",
  publisher =    JohnsHopkinsPress,
  address =      "Baltimore, MD, USA",
}


@Article{Bischof87,
  author =       "C. Bischof and C. {Van Loan}",
  title =        "The {$WY$} representation for products of
                 {Householder} matrices",
  journal =      "SIAM J. Sci. Stat. Comp.",
  volume =       "8",
  number =       "1",
  pages =        "S2--S13",
  month =        jan,
  year =         "1987",
  CODEN =        "SIJCD4",
  ISSN =         "0196-5204",
  MRclass =      "65F30 (65W05)",
  MRnumber =     "88f:65070",
  MRreviewer =   "Michel Cosnard",
  bibdate =      "Tue Apr 29 19:18:28 MDT 1997",
  note =         "Parallel processing for scientific computing (Norfolk,
                 Va., 1985)",
  acknowledgement = ack-nhfb,
  classification = "C4140 (Linear algebra)",
  corpsource =   "Dept. of Comput Sci., Cornell Univ., Ithaca, NY, USA",
  treatment =    "T Theoretical or Mathematical",
  xxpages =      "S1--S13",
  ZMnumber =     "628.65033",
}

@Article{Schreiber89,
  author =       "R. Schreiber and C. {Van Loan}",
  title =        "A storage-efficient {$WY$} representation for products
                 of {Householder} transformations",
  journal =      "SIAM J. Sci. Stat. Comp.",
  volume =       "10",
  number =       "1",
  pages =        "53--57",
  month =        jan,
  year =         "1989",
  CODEN =        "SIJCD4",
  ISSN =         "0196-5204",
  MRclass =      "65F30 (65W05)",
  MRnumber =     "90b:65076",
  bibdate =      "Tue Apr 29 19:18:28 MDT 1997",
  acknowledgement = ack-nhfb,
  classification = "B0290H (Linear algebra); C4140 (Linear algebra)",
  corpsource =   "Res. Inst. for Adv. Comput. Sci., NASA, Ames Res.
                 Center, Moffett Field, CA, USA",
  treatment =    "T Theoretical or Mathematical",
}

@article{Robert,
 author = {G. Quintana-Ort\'{\i} and R. van de Geijn},
 title = {Improving the performance of reduction to {H}essenberg form},
 journal = {ACM Trans. Math. Softw.},
 volume = {32},
 number = {2},
 year = {2006},
 issn = {0098-3500},
 pages = {180--194},
 doi = {http://doi.acm.org/10.1145/1141885.1141887},
 publisher = {ACM},
 address = {New York, NY, USA},
 }

@inproceedings{fatica,
 author = {M. Fatica},
 title = {Accelerating {L}inpack with {CUDA} on heterogenous clusters},
 booktitle = {GPGPU-2: Proceedings of 2nd Workshop on General Purpose Processing on Graphics Processing Units},
 year = {2009},
 isbn = {978-1-60558-517-8},
 pages = {46--51},
 location = {Washington, D.C.},
 doi = {http://doi.acm.org/10.1145/1513895.1513901},
 publisher = {ACM},
 address = {New York, NY, USA},
 }

@ARTICLE{Hammarling87,
    author = {S. Hammarling and D. Sorensen and J. Dongarra},
    title = {Block Reduction of Matrices to Condensed Forms for Eigenvalue Computations},
    journal = {J. Comput. Appl. Math},
    year = {1987},
    volume = {27},
    pages = {215--227}
}
 
@MISC{DemmelGrigoriHoemmenLangou08a,
     AUTHOR = {Demmel, J. and Grigori, L. and Hoemmen, M. and Langou, J.},
     TITLE = {Communication-Optimal parallel and Sequential QR and LU
              Factorizations},
     HOWPUBLISHED = {UC Berkeley EECS Technical Report EECS-2008-89,
                     submitted to SIAM J. Sci. Comp.},
     YEAR = {2008} }

@MISC{magma01,
   key = {web},
   author = {S. Tomov and J. Dongarra and V. Volkov and J. Demmel},
   TITLE = {{MAGMA} {L}ibrary, version 0.1},
   howpublished = {http://icl.cs.utk.edu/magma},
   year={08/2009}
}

@MISC{Rajib-SC09-poster,
   key = {web},
   note = {Poster Supercomputing '09},
   author = {R. Nath and J. Dongarra and S. Tomov and H. Ltaief and P. Du},
   TITLE = {{N}umerical {L}inear {A}lgebra on {H}ybrid {A}rchitectures: 
           {R}ecent {D}evelopments in the {MAGMA} {P}roject},
   howpublished = {http://icl.cs.utk.edu/projectsfiles/magma/pubs/MAGMA-BLAS-SC09.pdf},
   year={09/2009}
}
